@book{armstrong2001principles,
  title={Principles of forecasting: a handbook for researchers and practitioners},
  author={Armstrong, Jon Scott},
  volume={30},
  year={2001},
  publisher={Springer Science \& Business Media}
}


@article{atluri2018survey,
  title={Spatio-temporal data mining: A survey of problems and methods},
  author={Atluri, Gowtham and Karpatne, Anuj and Kumar, Vipin},
  journal={ACM Computing Surveys (CSUR)},
  volume={51},
  number={4},
  pages={1--41},
  year={2018},
  publisher={ACM New York, NY, USA}
}

@article{bengio2019nbeats,
  title={N-BEATS: Neural basis expansion analysis for interpretable time series forecasting},
  author={Oreshkin, Boris N and Carpov, Dmitri and Chapados, Nicolas and Bengio, Yoshua},
  journal={arXiv preprint arXiv:1905.10437},
  year={2019}
}

@techreport{box1970time,
  title={Time Series Analysis Forecasting and Control},
  author={Box, George EP and Jenkins, Gwilym M},
  year={1970},
  institution={WISCONSIN UNIV MADISON DEPT OF STATISTICS}
}

@book{brockwell1991methods,
  title={Time series: theory and methods: theory and methods},
  author={Brockwell, Peter J and Davis, Richard A and Fienberg, Stephen E},
  year={1991},
  publisher={Springer Science \& Business Media}
}

@techreport{delarue2015intermittency,
  title={Renewables intermittency: operational limits and implications for long-term energy system models},
  author={Delarue, Erik and Morris, Jennifer},
  year={2015},
  institution={MIT Joint Program on the Science and Policy of Global Change}
}

@article{gartner2017analytics,
  title={planning guide for data and Analytics},
  author={Hagerty, John},
  journal={Gartner Inc},
  pages={13},
  year={2017}
}

@article{holt2004forecasting,
  title={Forecasting seasonals and trends by exponentially weighted moving averages},
  author={Holt, Charles C},
  journal={International journal of forecasting},
  volume={20},
  number={1},
  pages={5--10},
  year={2004},
  publisher={Elsevier}
}

@online{kempthorne2013s0196,
  author = {P. Kempthorne, C. Lee, V. Strela, J. Xia},
  year = {2013},
  month = {Fall},
  title = {Topics in Mathematics with Applications in Finance},
  subtitle = {18.S096},
  url = {https://ocw.mit.edu/courses/mathematics/18-s096-topics-in-mathematics-with-applications-in-finance-fall-2013/},
  organization = {Massachusetts Institute of Technology: MIT OpenCourseWare},
  addendum = {License: Creative Commons BY-NC-SA}
}

@inproceedings{li2019stgcn,
  title={Spatiotemporal multi-graph convolution network for ride-hailing demand forecasting},
  author={Geng, Xu and Li, Yaguang and Wang, Leye and Zhang, Lingyu and Yang, Qiang and Ye, Jieping and Liu, Yan},
  booktitle={Proceedings of the AAAI Conference on Artificial Intelligence},
  volume={33},
  pages={3656--3663},
  year={2019}
}

@book{goodfellow2016deep,
  title={Deep learning},
  author={Goodfellow, Ian and Bengio, Yoshua and Courville, Aaron},
  year={2016},
  publisher={MIT press}
}

@article{liu2017dcrnn,
  title={Diffusion convolutional recurrent neural network: Data-driven traffic forecasting},
  author={Li, Yaguang and Yu, Rose and Shahabi, Cyrus and Liu, Yan},
  journal={arXiv preprint arXiv:1707.01926},
  year={2017}
}


@article{makridakis2018statistical,
  title={Statistical and Machine Learning forecasting methods: Concerns and ways forward},
  author={Makridakis, Spyros and Spiliotis, Evangelos and Assimakopoulos, Vassilios},
  journal={PloS one},
  volume={13},
  number={3},
  year={2018},
  publisher={Public Library of Science}
}

@article{makridakis2000m3,
  title={The M3-Competition: results, conclusions and implications},
  author={Makridakis, Spyros and Hibon, Michele},
  journal={International journal of forecasting},
  volume={16},
  number={4},
  pages={451--476},
  year={2000},
  publisher={Elsevier}
}

@article{moemken2018future,
  title={Future changes of wind speed and wind energy potentials in EURO-CORDEX ensemble simulations},
  author={Moemken, Julia and Reyers, Mark and Feldmann, Hendrik and Pinto, Joaquim G},
  journal={Journal of Geophysical Research: Atmospheres},
  volume={123},
  number={12},
  pages={6373--6389},
  year={2018},
  publisher={Wiley Online Library}
}

@article{smyl2020esrnn,
  title={A hybrid method of exponential smoothing and recurrent neural networks for time series forecasting},
  author={Smyl, Slawek},
  journal={International Journal of Forecasting},
  volume={36},
  number={1},
  pages={75--85},
  year={2020},
  publisher={Elsevier}
}

@article{toubeau2018blstm,
  title={Deep learning-based multivariate probabilistic forecasting for short-term scheduling in power markets},
  author={Toubeau, Jean-Fran{\c{c}}ois and Bottieau, J{\'e}r{\'e}mie and Vall{\'e}e, Fran{\c{c}}ois and De Gr{\`e}ve, Zacharie},
  journal={IEEE Transactions on Power Systems},
  volume={34},
  number={2},
  pages={1203--1215},
  year={2018},
  publisher={IEEE}
}


@inproceedings{wirth2000crisp,
  title={CRISP-DM: Towards a standard process model for data mining},
  author={Wirth, R{\"u}diger and Hipp, Jochen}
}

@article{zhang2019graphwavenet,
  title={Graph wavenet for deep spatial-temporal graph modeling},
  author={Wu, Zonghan and Pan, Shirui and Long, Guodong and Jiang, Jing and Zhang, Chengqi},
  journal={arXiv preprint arXiv:1906.00121},
  year={2019}
}

@inproceedings{yao2018deep,
  title={Deep multi-view spatial-temporal network for taxi demand prediction},
  author={Yao, Huaxiu and Wu, Fei and Ke, Jintao and Tang, Xianfeng and Jia, Yitian and Lu, Siyu and Gong, Pinghua and Ye, Jieping and Li, Zhenhui},
  booktitle={Thirty-Second AAAI Conference on Artificial Intelligence},
  year={2018}
}


