@article{damousis2004fuzzy,
    title = {{A fuzzy model for wind speed prediction and power generation in wind parks using spatial correlation}},
    year = {2004},
    journal = {IEEE Transactions on Energy Conversion},
    author = {Damousis, Ioannis G. and Alexiadis, Minas C. and Theocharis, John B. and Dokopoulos, Petros S.},
    number = {2},
    pages = {352--361},
    volume = {19},
    doi = {10.1109/TEC.2003.821865},
    issn = {08858969},
    keywords = {Fuzzy logic, Genetic algorithms, Wind forecasting}
}

@article{damousis2004fuzzyb,
    title = {{A fuzzy model for wind speed prediction and power generation in wind parks using spatial correlation}},
    year = {2004},
    journal = {IEEE Transactions on Energy Conversion},
    author = {Damousis, Ioannis G. and Alexiadis, Minas C. and Theocharis, John B. and Dokopoulos, Petros S.},
    number = {2},
    pages = {352--361},
    volume = {19},
    doi = {10.1109/TEC.2003.821865},
    issn = {08858969},
    keywords = {Fuzzy logic, Genetic algorithms, Wind forecasting}
}

@article{damousis2004fuzzyc,
    title = {{A fuzzy model for wind speed prediction and power generation in wind parks using spatial correlation}},
    year = {2004},
    journal = {IEEE Transactions on Energy Conversion},
    author = {Damousis, Ioannis G. and Alexiadis, Minas C. and Theocharis, John B. and Dokopoulos, Petros S.},
    number = {2},
    pages = {352--361},
    volume = {19},
    doi = {10.1109/TEC.2003.821865},
    issn = {08858969},
    keywords = {Fuzzy logic, Genetic algorithms, Wind forecasting}
}

@article{smyl2020es-rnn,
    title = {{A hybrid method of exponential smoothing and recurrent neural networks for time series forecasting}},
    year = {2020},
    journal = {International Journal of Forecasting},
    author = {Smyl, Slawek},
    number = {1},
    pages = {75--85},
    volume = {36},
    publisher = {Elsevier B.V.},
    url = {https://doi.org/10.1016/j.ijforecast.2019.03.017},
    doi = {10.1016/j.ijforecast.2019.03.017},
    issn = {01692070},
    keywords = {Automatic differentiation, Dynamic computational graphs, Exponential smoothing, Forecasting competitions, Long short term memory (LSTM) networks, M4}
}

@article{smyl2020es-rnnb,
    title = {{A hybrid method of exponential smoothing and recurrent neural networks for time series forecasting}},
    year = {2020},
    journal = {International Journal of Forecasting},
    author = {Smyl, Slawek},
    number = {1},
    pages = {75--85},
    volume = {36},
    publisher = {Elsevier B.V.},
    url = {https://doi.org/10.1016/j.ijforecast.2019.03.017},
    doi = {10.1016/j.ijforecast.2019.03.017},
    issn = {01692070},
    keywords = {Automatic differentiation, Dynamic computational graphs, Exponential smoothing, Forecasting competitions, Long short term memory (LSTM) networks, M4}
}

@article{smyl2020es-rnnc,
    title = {{A hybrid method of exponential smoothing and recurrent neural networks for time series forecasting}},
    year = {2020},
    journal = {International Journal of Forecasting},
    author = {Smyl, Slawek},
    number = {1},
    pages = {75--85},
    volume = {36},
    publisher = {Elsevier B.V.},
    url = {https://doi.org/10.1016/j.ijforecast.2019.03.017},
    doi = {10.1016/j.ijforecast.2019.03.017},
    issn = {01692070},
    keywords = {Automatic differentiation, Dynamic computational graphs, Exponential smoothing, Forecasting competitions, Long short term memory (LSTM) networks, M4}
}

@article{morales2010spatiotemporalwind,
    title = {{A methodology to generate statistically dependent wind speed scenarios}},
    year = {2010},
    journal = {Applied Energy},
    author = {Morales, J. M. and M{\'{i}}nguez, R. and Conejo, A. J.},
    number = {3},
    pages = {843--855},
    volume = {87},
    publisher = {Elsevier Ltd},
    url = {http://dx.doi.org/10.1016/j.apenergy.2009.09.022},
    doi = {10.1016/j.apenergy.2009.09.022},
    issn = {03062619},
    keywords = {Scenario generation, Stochastic processes, Stochastic programming, Time series, Wind speed correlation}
}

@article{herbert2007technologies,
    title = {{A review of wind energy technologies}},
    year = {2007},
    journal = {Renewable and Sustainable Energy Reviews},
    author = {Joselin Herbert, G. M. and Iniyan, S. and Sreevalsan, E. and Rajapandian, S.},
    number = {6},
    pages = {1117--1145},
    volume = {11},
    doi = {10.1016/j.rser.2005.08.004},
    issn = {13640321},
    keywords = {Aerodynamic model, Reliability evaluation model, Wind power technology, Wind resource assessment}
}

@article{herbert2007technologiesb,
    title = {{A review of wind energy technologies}},
    year = {2007},
    journal = {Renewable and Sustainable Energy Reviews},
    author = {Joselin Herbert, G. M. and Iniyan, S. and Sreevalsan, E. and Rajapandian, S.},
    number = {6},
    pages = {1117--1145},
    volume = {11},
    doi = {10.1016/j.rser.2005.08.004},
    issn = {13640321},
    keywords = {Aerodynamic model, Reliability evaluation model, Wind power technology, Wind resource assessment}
}

@article{herbert2007technologiesc,
    title = {{A review of wind energy technologies}},
    year = {2007},
    journal = {Renewable and Sustainable Energy Reviews},
    author = {Joselin Herbert, G. M. and Iniyan, S. and Sreevalsan, E. and Rajapandian, S.},
    number = {6},
    pages = {1117--1145},
    volume = {11},
    doi = {10.1016/j.rser.2005.08.004},
    issn = {13640321},
    keywords = {Aerodynamic model, Reliability evaluation model, Wind power technology, Wind resource assessment}
}

@article{lei2009forecasting,
    title = {{A review on the forecasting of wind speed and generated power}},
    year = {2009},
    journal = {Renewable and Sustainable Energy Reviews},
    author = {Lei, Ma and Shiyan, Luan and Chuanwen, Jiang and Hongling, Liu and Yan, Zhang},
    number = {4},
    pages = {915--920},
    volume = {13},
    doi = {10.1016/j.rser.2008.02.002},
    issn = {13640321},
    keywords = {Artificial intelligence, Forecasting, Physical models, Spatial correlation models, Statistic models, Wind power generation, Wind speed}
}

@article{he2014short-term,
    title = {{A spatio-temporal analysis approach for short-term forecast of wind farm generation}},
    year = {2014},
    journal = {IEEE Transactions on Power Systems},
    author = {He, Miao and Yang, Lei and Zhang, Junshan and Vittal, Vijay},
    number = {4},
    pages = {1611--1622},
    volume = {29},
    publisher = {IEEE},
    doi = {10.1109/TPWRS.2014.2299767},
    issn = {08858950},
    keywords = {Distributional forecast, Markov chains, graphical learning, point forecast, short-term wind power forecast, spatio-temporal analysis, wind farm}
}

@article{demeo2006natural,
    title = {{Accomodating wind's natural behavior}},
    year = {2007},
    journal = {IEEE Power and Energy Magazine},
    author = {DeMeo, Edgar A. and Jordan, Gary A. and Kalich, Clint and King, Jack and Milligan, Michael R. and Murley, Cliff and Oakleaf, Brett and Schuerger, Matthew J.},
    number = {6},
    pages = {59--67},
    volume = {5},
    doi = {10.1109/MPE.2007.906562},
    issn = {15407977}
}

@article{demeo2006naturalb,
    title = {{Accomodating wind's natural behavior}},
    year = {2007},
    journal = {IEEE Power and Energy Magazine},
    author = {DeMeo, Edgar A. and Jordan, Gary A. and Kalich, Clint and King, Jack and Milligan, Michael R. and Murley, Cliff and Oakleaf, Brett and Schuerger, Matthew J.},
    number = {6},
    pages = {59--67},
    volume = {5},
    doi = {10.1109/MPE.2007.906562},
    issn = {15407977}
}

@article{demeo2006naturalc,
    title = {{Accomodating wind's natural behavior}},
    year = {2007},
    journal = {IEEE Power and Energy Magazine},
    author = {DeMeo, Edgar A. and Jordan, Gary A. and Kalich, Clint and King, Jack and Milligan, Michael R. and Murley, Cliff and Oakleaf, Brett and Schuerger, Matthew J.},
    number = {6},
    pages = {59--67},
    volume = {5},
    doi = {10.1109/MPE.2007.906562},
    issn = {15407977}
}

@article{hyndman2006metrics,
    title = {{Another look at measures of forecast accuracy}},
    year = {2006},
    journal = {International Journal of Forecasting},
    author = {Hyndman, Rob J. and Koehler, Anne B.},
    number = {4},
    pages = {679--688},
    volume = {22},
    doi = {10.1016/j.ijforecast.2006.03.001},
    issn = {01692070},
    keywords = {Forecast accuracy, Forecast error measures, Forecast evaluation, M-competition, Mean absolute scaled error}
}

@article{hyndman2006metricsb,
    title = {{Another look at measures of forecast accuracy}},
    year = {2006},
    journal = {International Journal of Forecasting},
    author = {Hyndman, Rob J. and Koehler, Anne B.},
    number = {4},
    pages = {679--688},
    volume = {22},
    doi = {10.1016/j.ijforecast.2006.03.001},
    issn = {01692070},
    keywords = {Forecast accuracy, Forecast error measures, Forecast evaluation, M-competition, Mean absolute scaled error}
}

@article{hyndman2006metricsc,
    title = {{Another look at measures of forecast accuracy}},
    year = {2006},
    journal = {International Journal of Forecasting},
    author = {Hyndman, Rob J. and Koehler, Anne B.},
    number = {4},
    pages = {679--688},
    volume = {22},
    doi = {10.1016/j.ijforecast.2006.03.001},
    issn = {01692070},
    keywords = {Forecast accuracy, Forecast error measures, Forecast evaluation, M-competition, Mean absolute scaled error}
}

@article{jain2012answers,
    title = {{Answers to your forecasting questions}},
    year = {2012},
    journal = {The Journal of Business Forecasting},
    author = {Jain, Chaman L},
    number = {2},
    pages = {3},
    volume = {31},
    publisher = {Journal of Business Forecasting}
}

@article{makridakis1997arma,
    title = {{ARMA models and the Box--Jenkins methodology}},
    year = {1997},
    journal = {Journal of Forecasting},
    author = {Makridakis, Spyros and Hibon, Michele},
    number = {3},
    pages = {147--163},
    volume = {16},
    publisher = {Wiley Online Library}
}

@techreport{icml:liu2020smart-transportation,
    title = {{Artificial Intelligence for Smart Transportation ICML Time Series Workshop}},
    author = {Liu, Yan}
}

@book{hutter2019automated,
    title = {{Automated machine learning: methods, systems, challenges}},
    year = {2019},
    author = {Hutter, Frank and Kotthoff, Lars and Vanschoren, Joaquin},
    publisher = {Springer Nature}
}

@article{boccard2009capacity,
    title = {{Capacity factor of wind power realized values vs. estimates}},
    year = {2009},
    journal = {Energy Policy},
    author = {Boccard, Nicolas},
    number = {7},
    pages = {2679--2688},
    volume = {37},
    doi = {10.1016/j.enpol.2009.02.046},
    issn = {03014215},
    keywords = {Electricity, Planning, Renewables}
}

@article{boccard2009capacityb,
    title = {{Capacity factor of wind power realized values vs. estimates}},
    year = {2009},
    journal = {Energy Policy},
    author = {Boccard, Nicolas},
    number = {7},
    pages = {2679--2688},
    volume = {37},
    doi = {10.1016/j.enpol.2009.02.046},
    issn = {03014215},
    keywords = {Electricity, Planning, Renewables}
}

@article{boccard2009capacityc,
    title = {{Capacity factor of wind power realized values vs. estimates}},
    year = {2009},
    journal = {Energy Policy},
    author = {Boccard, Nicolas},
    number = {7},
    pages = {2679--2688},
    volume = {37},
    doi = {10.1016/j.enpol.2009.02.046},
    issn = {03014215},
    keywords = {Electricity, Planning, Renewables}
}

@techreport{Peters,
    title = {{Causal Inference on Time Series using Restricted Structural Equation Models}},
    author = {Peters, Jonas and Janzing, Dominik and Sch{\"{o}}lkopf, Bernhard}
}

@article{becker2017completion,
    title = {{Completion of wind turbine data sets for wind integration studies applying random forests and k-nearest neighbors}},
    year = {2017},
    journal = {Applied Energy},
    author = {Becker, Raik and Thr{\"{a}}n, Daniela},
    number = {September},
    pages = {252--262},
    volume = {208},
    publisher = {Elsevier},
    url = {https://doi.org/10.1016/j.apenergy.2017.10.044},
    doi = {10.1016/j.apenergy.2017.10.044},
    issn = {03062619},
    keywords = {Machine learning, Random forests, Wind energy, Wind power integration, Wind turbine data}
}

@article{becker2017completionb,
    title = {{Completion of wind turbine data sets for wind integration studies applying random forests and k-nearest neighbors}},
    year = {2017},
    journal = {Applied Energy},
    author = {Becker, Raik and Thr{\"{a}}n, Daniela},
    number = {September},
    pages = {252--262},
    volume = {208},
    publisher = {Elsevier},
    url = {https://doi.org/10.1016/j.apenergy.2017.10.044},
    doi = {10.1016/j.apenergy.2017.10.044},
    issn = {03062619},
    keywords = {Machine learning, Random forests, Wind energy, Wind power integration, Wind turbine data}
}

@article{becker2017completionc,
    title = {{Completion of wind turbine data sets for wind integration studies applying random forests and k-nearest neighbors}},
    year = {2017},
    journal = {Applied Energy},
    author = {Becker, Raik and Thr{\"{a}}n, Daniela},
    number = {September},
    pages = {252--262},
    volume = {208},
    publisher = {Elsevier},
    url = {https://doi.org/10.1016/j.apenergy.2017.10.044},
    doi = {10.1016/j.apenergy.2017.10.044},
    issn = {03062619},
    keywords = {Machine learning, Random forests, Wind energy, Wind power integration, Wind turbine data}
}

@article{jung2014forecasting,
    title = {{Current status and future advances for wind speed and power forecasting}},
    year = {2014},
    journal = {Renewable and Sustainable Energy Reviews},
    author = {Jung, Jaesung and Broadwater, Robert P.},
    pages = {762--777},
    volume = {31},
    publisher = {Elsevier},
    url = {http://dx.doi.org/10.1016/j.rser.2013.12.054},
    doi = {10.1016/j.rser.2013.12.054},
    issn = {13640321},
    keywords = {Offshore forecasting, Probabilistic forecasting, Regional forecasting, Spatial correlation forecasting, Wind power, Wind speed}
}

@article{jung2014forecastingb,
    title = {{Current status and future advances for wind speed and power forecasting}},
    year = {2014},
    journal = {Renewable and Sustainable Energy Reviews},
    author = {Jung, Jaesung and Broadwater, Robert P.},
    pages = {762--777},
    volume = {31},
    publisher = {Elsevier},
    url = {http://dx.doi.org/10.1016/j.rser.2013.12.054},
    doi = {10.1016/j.rser.2013.12.054},
    issn = {13640321},
    keywords = {Offshore forecasting, Probabilistic forecasting, Regional forecasting, Spatial correlation forecasting, Wind power, Wind speed}
}

@article{jung2014forecastingc,
    title = {{Current status and future advances for wind speed and power forecasting}},
    year = {2014},
    journal = {Renewable and Sustainable Energy Reviews},
    author = {Jung, Jaesung and Broadwater, Robert P.},
    pages = {762--777},
    volume = {31},
    publisher = {Elsevier},
    url = {http://dx.doi.org/10.1016/j.rser.2013.12.054},
    doi = {10.1016/j.rser.2013.12.054},
    issn = {13640321},
    keywords = {Offshore forecasting, Probabilistic forecasting, Regional forecasting, Spatial correlation forecasting, Wind power, Wind speed}
}

@article{betz1920limit,
    title = {{Das Maximum der theoretisch m{\"{o}}glichen Ausnutzung des Windes durch Windmotoren}},
    year = {1920},
    journal = {Zeitschrift fur das gesamte Turbinenwesen 20 (1920).},
    author = {Betz, Albert},
    keywords = {betz1920maximum}
}

@article{betz1920limitb,
    title = {{Das Maximum der theoretisch m{\"{o}}glichen Ausnutzung des Windes durch Windmotoren}},
    year = {1920},
    journal = {Zeitschrift fur das gesamte Turbinenwesen 20 (1920).},
    author = {Betz, Albert},
    keywords = {betz1920maximum}
}

@article{betz1920limitc,
    title = {{Das Maximum der theoretisch m{\"{o}}glichen Ausnutzung des Windes durch Windmotoren}},
    year = {1920},
    journal = {Zeitschrift fur das gesamte Turbinenwesen 20 (1920).},
    author = {Betz, Albert},
    keywords = {betz1920maximum}
}

@article{awea2020decommissioning,
    title = {{Decommissioning Wind Turbines}},
    author = {{AWEA}},
    url = {https://www.awea.org/policy-and-issues/project-development/state-and-local-permitting/decommissioning}
}

@book{goodfellow2016deep,
    title = {{Deep learning}},
    year = {2016},
    author = {Goodfellow, Ian and Bengio, Yoshua and Courville, Aaron},
    publisher = {MIT press}
}

@article{wang2017probabilistic,
    title = {{Deep learning based ensemble approach for probabilistic wind power forecasting}},
    year = {2017},
    journal = {Applied Energy},
    author = {Wang, Huai zhi and Li, Gang qiang and Wang, Gui bing and Peng, Jian chun and Jiang, Hui and Liu, Yi tao},
    pages = {56--70},
    volume = {188},
    publisher = {Elsevier Ltd},
    url = {http://dx.doi.org/10.1016/j.apenergy.2016.11.111},
    doi = {10.1016/j.apenergy.2016.11.111},
    issn = {03062619},
    keywords = {Convolutional neural network, Deep learning, Ensemble, Probabilistic wind power forecast, Wavelet transform}
}

@article{Wang2017,
    title = {{Deep learning based ensemble approach for probabilistic wind power forecasting}},
    year = {2017},
    journal = {Applied Energy},
    author = {zhi Wang, Huai and qiang Li, Gang and bing Wang, Gui and chun Peng, Jian and Jiang, Hui and tao Liu, Yi},
    pages = {56--70},
    volume = {188},
    publisher = {Elsevier Ltd},
    url = {http://dx.doi.org/10.1016/j.apenergy.2016.11.111},
    doi = {10.1016/j.apenergy.2016.11.111},
    issn = {03062619},
    keywords = {Convolutional neural network, Deep learning, Ensemble, Probabilistic wind power forecast, Wavelet transform}
}

@article{chen2019dl-tsf,
    title = {{Deep Learning for Time Series Forecasting}},
    year = {2019},
    author = {{Chen}},
    number = {9},
    pages = {1689--1699},
    volume = {53},
    url = {file:///C:/Users/User/Downloads/fvm939e.pdf},
    isbn = {9788578110796},
    doi = {10.1017/CBO9781107415324.004},
    issn = {1098-6596},
    pmid = {25246403},
    arxivId = {arXiv:1011.1669v3}
}

@article{chen2019dl-tsfb,
    title = {{Deep Learning for Time Series Forecasting}},
    year = {2019},
    author = {{Chen}},
    number = {9},
    pages = {1689--1699},
    volume = {53},
    url = {file:///C:/Users/User/Downloads/fvm939e.pdf},
    isbn = {9788578110796},
    doi = {10.1017/CBO9781107415324.004},
    issn = {1098-6596},
    pmid = {25246403},
    arxivId = {arXiv:1011.1669v3}
}

@article{chen2019dl-tsfc,
    title = {{Deep Learning for Time Series Forecasting}},
    year = {2019},
    author = {{Chen}},
    number = {9},
    pages = {1689--1699},
    volume = {53},
    url = {file:///C:/Users/User/Downloads/fvm939e.pdf},
    isbn = {9788578110796},
    doi = {10.1017/CBO9781107415324.004},
    issn = {1098-6596},
    pmid = {25246403},
    arxivId = {arXiv:1011.1669v3}
}

@article{Toubeau2019a,
    title = {{Deep Learning-Based Multivariate Probabilistic Forecasting for Short-Term Scheduling in Power Markets}},
    year = {2019},
    journal = {IEEE Transactions on Power Systems},
    author = {Toubeau, Jean Francois and Bottieau, Jeremie and Vallee, Francois and De Greve, Zacharie},
    number = {2},
    pages = {1203--1215},
    volume = {34},
    doi = {10.1109/TPWRS.2018.2870041},
    issn = {08858950},
    keywords = {Bidirectional LSTM, copula, multi-step ahead prediction, probabilistic forecasting, scenario generation}
}

@article{toubeau2019blstm,
    title = {{Deep Learning-Based Multivariate Probabilistic Forecasting for Short-Term Scheduling in Power Markets}},
    year = {2019},
    journal = {IEEE Transactions on Power Systems},
    author = {Toubeau, Jean Francois and Bottieau, Jeremie and Vallee, Francois and De Greve, Zacharie},
    number = {2},
    pages = {1203--1215},
    volume = {34},
    doi = {10.1109/TPWRS.2018.2870041},
    issn = {08858950},
    keywords = {Bidirectional LSTM, copula, multi-step ahead prediction, probabilistic forecasting, scenario generation}
}

@techreport{li2018dmvst-net,
    title = {{Deep Multi-View Spatial-Temporal Network for Taxi Demand Prediction}},
    author = {Yao, Huaxiu and Wu, Fei and Ke, Jintao and Tang, Xianfeng and Jia, Yitian and Lu, Siyu and Gong, Pinghua and Ye, Jieping and Chuxing, Didi and Li, Zhenhui},
    url = {www.aaai.org},
    keywords = {Machine Learning Applications Track}
}

@article{salinas2017deep-ar,
    title = {{DeepAR: Probabilistic Forecasting with Autoregressive Recurrent Networks}},
    year = {2017},
    author = {Salinas, David and Flunkert, Valentin and Gasthaus, Jan},
    month = {4},
    url = {http://arxiv.org/abs/1704.04110},
    arxivId = {1704.04110}
}

@article{salinas2017deep-arb,
    title = {{DeepAR: Probabilistic Forecasting with Autoregressive Recurrent Networks}},
    year = {2017},
    author = {Salinas, David and Flunkert, Valentin and Gasthaus, Jan},
    month = {4},
    url = {http://arxiv.org/abs/1704.04110},
    arxivId = {1704.04110}
}

@article{salinas2017deep-arc,
    title = {{DeepAR: Probabilistic Forecasting with Autoregressive Recurrent Networks}},
    year = {2017},
    author = {Salinas, David and Flunkert, Valentin and Gasthaus, Jan},
    month = {4},
    url = {http://arxiv.org/abs/1704.04110},
    arxivId = {1704.04110}
}

@article{li2018dcrnn,
    title = {{Diffusion Convolutional Recurrent Neural Network: Data-Driven Traffic Forecasting}},
    year = {2017},
    author = {Li, Yaguang and Yu, Rose and Shahabi, Cyrus and Liu, Yan},
    month = {7},
    url = {http://arxiv.org/abs/1707.01926},
    arxivId = {1707.01926}
}

@article{box1970distribution,
    title = {{Distribution of residual autocorrelations in autoregressive-integrated moving average time series models}},
    year = {1970},
    journal = {Journal of the American statistical Association},
    author = {Box, George E P and Pierce, David A},
    number = {332},
    pages = {1509--1526},
    volume = {65},
    publisher = {Taylor {\&} Francis Group}
}

@article{wu2020dynamic,
    title = {{Dynamic Spatiotemporal Graph Neural Network with Tensor Network}},
    year = {2020},
    journal = {arXiv},
    author = {Jia, Chengcheng and Wu, Bo and Zhang, Xiao-ping},
    month = {3},
    url = {http://arxiv.org/abs/2003.08729},
    arxivId = {2003.08729}
}

@article{wu2020dynamicb,
    title = {{Dynamic Spatiotemporal Graph Neural Network with Tensor Network}},
    year = {2020},
    journal = {arXiv},
    author = {Jia, Chengcheng and Wu, Bo and Zhang, Xiao-ping},
    month = {3},
    url = {http://arxiv.org/abs/2003.08729},
    arxivId = {2003.08729}
}

@article{wu2020dynamicc,
    title = {{Dynamic Spatiotemporal Graph Neural Network with Tensor Network}},
    year = {2020},
    journal = {arXiv},
    author = {Jia, Chengcheng and Wu, Bo and Zhang, Xiao-ping},
    month = {3},
    url = {http://arxiv.org/abs/2003.08729},
    arxivId = {2003.08729}
}

@article{cesare2001structures,
    title = {{Estimating and modeling space–time correlation structures}},
    year = {2001},
    journal = {Statistics {\&} Probability Letters},
    author = {Cesare, L.De and Myers, D.E and Posa, D.},
    number = {1},
    month = {1},
    pages = {9--14},
    volume = {51},
    url = {https://linkinghub.elsevier.com/retrieve/pii/S0167715200001310},
    doi = {10.1016/S0167-7152(00)00131-0},
    issn = {01677152},
    keywords = {Geostatistics, Space-time correlation}
}

@article{cesare2001structuresb,
    title = {{Estimating and modeling space–time correlation structures}},
    year = {2001},
    journal = {Statistics {\&} Probability Letters},
    author = {Cesare, L.De and Myers, D.E and Posa, D.},
    number = {1},
    month = {1},
    pages = {9--14},
    volume = {51},
    url = {https://linkinghub.elsevier.com/retrieve/pii/S0167715200001310},
    doi = {10.1016/S0167-7152(00)00131-0},
    issn = {01677152},
    keywords = {Geostatistics, Space-time correlation}
}

@article{cesare2001structuresc,
    title = {{Estimating and modeling space–time correlation structures}},
    year = {2001},
    journal = {Statistics {\&} Probability Letters},
    author = {Cesare, L.De and Myers, D.E and Posa, D.},
    number = {1},
    month = {1},
    pages = {9--14},
    volume = {51},
    url = {https://linkinghub.elsevier.com/retrieve/pii/S0167715200001310},
    doi = {10.1016/S0167-7152(00)00131-0},
    issn = {01677152},
    keywords = {Geostatistics, Space-time correlation}
}

@article{porcu2012covariance,
    title = {{Estimating Space and Space-Time Covariance Functions for Large Data Sets: A Weighted Composite Likelihood Approach}},
    year = {2012},
    journal = {Journal of the American Statistical Association},
    author = {Bevilacqua, Moreno and Gaetan, Carlo and Mateu, Jorge and Porcu, Emilio},
    number = {497},
    month = {3},
    pages = {268--280},
    volume = {107},
    url = {http://www.tandfonline.com/doi/abs/10.1080/01621459.2011.646928},
    doi = {10.1080/01621459.2011.646928},
    issn = {0162-1459},
    keywords = {Composite likelihood, Estimating equations, Godambe information, Identification, Space-time geostatistics}
}

@article{porcu2012covarianceb,
    title = {{Estimating Space and Space-Time Covariance Functions for Large Data Sets: A Weighted Composite Likelihood Approach}},
    year = {2012},
    journal = {Journal of the American Statistical Association},
    author = {Bevilacqua, Moreno and Gaetan, Carlo and Mateu, Jorge and Porcu, Emilio},
    number = {497},
    month = {3},
    pages = {268--280},
    volume = {107},
    url = {http://www.tandfonline.com/doi/abs/10.1080/01621459.2011.646928},
    doi = {10.1080/01621459.2011.646928},
    issn = {0162-1459},
    keywords = {Composite likelihood, Estimating equations, Godambe information, Identification, Space-time geostatistics}
}

@article{porcu2012covariancec,
    title = {{Estimating Space and Space-Time Covariance Functions for Large Data Sets: A Weighted Composite Likelihood Approach}},
    year = {2012},
    journal = {Journal of the American Statistical Association},
    author = {Bevilacqua, Moreno and Gaetan, Carlo and Mateu, Jorge and Porcu, Emilio},
    number = {497},
    month = {3},
    pages = {268--280},
    volume = {107},
    url = {http://www.tandfonline.com/doi/abs/10.1080/01621459.2011.646928},
    doi = {10.1080/01621459.2011.646928},
    issn = {0162-1459},
    keywords = {Composite likelihood, Estimating equations, Godambe information, Identification, Space-time geostatistics}
}

@article{messner2020forecast-evaluation,
    title = {{Evaluation of wind power forecasts—An up-to-date view}},
    year = {2020},
    journal = {Wind Energy},
    author = {Messner, Jakob W. and Pinson, Pierre and Browell, Jethro and Bjerreg{\aa}rd, Mathias B. and Schicker, Irene},
    number = {June 2019},
    pages = {1461--1481},
    doi = {10.1002/we.2497},
    issn = {10991824},
    keywords = {evaluation metrics, forecast evaluation, testing forecast performance, wind power}
}

@article{messner2020forecast-evaluationb,
    title = {{Evaluation of wind power forecasts—An up-to-date view}},
    year = {2020},
    journal = {Wind Energy},
    author = {Messner, Jakob W and Pinson, Pierre and Browell, Jethro and Bjerreg{\aa}rd, Mathias B and Schicker, Irene},
    number = {June 2019},
    pages = {1461--1481},
    doi = {10.1002/we.2497},
    issn = {10991824},
    keywords = {Wind Power Forecasting, evaluation metrics, forecast evaluation, testing forecast performance, wind power}
}

@article{messner2020forecast-evaluationc,
    title = {{Evaluation of wind power forecasts—An up-to-date view}},
    year = {2020},
    journal = {Wind Energy},
    author = {Messner, Jakob W and Pinson, Pierre and Browell, Jethro and Bjerreg{\aa}rd, Mathias B and Schicker, Irene},
    number = {June 2019},
    pages = {1461--1481},
    doi = {10.1002/we.2497},
    issn = {10991824},
    keywords = {Wind Power Forecasting, evaluation metrics, forecast evaluation, testing forecast performance, wind power}
}

@book{andrienko2006exploratory,
    title = {{Exploratory Data Analysis of Spatial and Temporal Data – a systematic approach}},
    author = {{Andrienko}},
    isbn = {9783540259947}
}

@book{andrienko2006exploratoryb,
    title = {{Exploratory Data Analysis of Spatial and Temporal Data – a systematic approach}},
    author = {{Andrienko}},
    isbn = {9783540259947}
}

@book{andrienko2006exploratoryc,
    title = {{Exploratory Data Analysis of Spatial and Temporal Data – a systematic approach}},
    author = {{Andrienko}},
    isbn = {9783540259947}
}

@book{Hyndman2008a,
    title = {{Forecasting with Exponential Smoothing}},
    year = {2008},
    author = {Hyndman, Rob J and Koehler, Anne B. and Ord, J. Keith and Snyder, Ralph D},
    pages = {350},
    isbn = {978-3-540-71918-2},
    doi = {10.1007/978-3-540-71918-2}
}

@book{hyndman2008es,
    title = {{Forecasting with Exponential Smoothing}},
    year = {2008},
    author = {Hyndman, Rob J and Koehler, Anne B. and Ord, J. Keith and Snyder, Ralph D},
    pages = {350},
    isbn = {978-3-540-71918-2},
    doi = {10.1007/978-3-540-71918-2}
}

@book{hyndman2018principles,
    title = {{Forecasting: principles and practice}},
    year = {2018},
    author = {Hyndman, Rob J and Athanasopoulos, George},
    publisher = {OTexts}
}

@article{moemken2018windspeedchanges,
    title = {{Future Changes of Wind Speed and Wind Energy Potentials in EURO-CORDEX Ensemble Simulations}},
    year = {2018},
    journal = {Journal of Geophysical Research: Atmospheres},
    author = {Moemken, Julia and Reyers, Mark and Feldmann, Hendrik and Pinto, Joaquim G.},
    number = {12},
    pages = {6373--6389},
    volume = {123},
    doi = {10.1029/2018JD028473},
    issn = {21698996},
    keywords = {EURO-CORDEX, Europe, climate change, regionalization, wind energy, wind speed}
}

@article{moemken2018windspeedchangesb,
    title = {{Future Changes of Wind Speed and Wind Energy Potentials in EURO-CORDEX Ensemble Simulations}},
    year = {2018},
    journal = {Journal of Geophysical Research: Atmospheres},
    author = {Moemken, Julia and Reyers, Mark and Feldmann, Hendrik and Pinto, Joaquim G.},
    number = {12},
    pages = {6373--6389},
    volume = {123},
    doi = {10.1029/2018JD028473},
    issn = {21698996},
    keywords = {EURO-CORDEX, Europe, climate change, regionalization, wind energy, wind speed}
}

@article{moemken2018windspeedchangesc,
    title = {{Future Changes of Wind Speed and Wind Energy Potentials in EURO-CORDEX Ensemble Simulations}},
    year = {2018},
    journal = {Journal of Geophysical Research: Atmospheres},
    author = {Moemken, Julia and Reyers, Mark and Feldmann, Hendrik and Pinto, Joaquim G.},
    number = {12},
    pages = {6373--6389},
    volume = {123},
    doi = {10.1029/2018JD028473},
    issn = {21698996},
    keywords = {EURO-CORDEX, Europe, climate change, regionalization, wind energy, wind speed}
}

@article{pace1995spatiotemporal-ar,
    title = {{Genetic diagnosis in multiple pregnancies}},
    year = {1995},
    journal = {Seminars in Perinatology},
    author = {Wapner, Ronald J.},
    number = {5},
    month = {10},
    pages = {351--362},
    volume = {19},
    url = {https://linkinghub.elsevier.com/retrieve/pii/S0146000505800138},
    doi = {10.1016/S0146-0005(05)80013-8},
    issn = {01460005},
    keywords = {local price indices, space-time, star, starima}
}

@article{pace1995spatiotemporal-arb,
    title = {{Genetic diagnosis in multiple pregnancies}},
    year = {1995},
    journal = {Seminars in Perinatology},
    author = {Wapner, Ronald J.},
    number = {5},
    month = {10},
    pages = {351--362},
    volume = {19},
    url = {https://linkinghub.elsevier.com/retrieve/pii/S0146000505800138},
    doi = {10.1016/S0146-0005(05)80013-8},
    issn = {01460005},
    keywords = {local price indices, space-time, star, starima}
}

@article{pace1995spatiotemporal-arc,
    title = {{Genetic diagnosis in multiple pregnancies}},
    year = {1995},
    journal = {Seminars in Perinatology},
    author = {Wapner, Ronald J.},
    number = {5},
    month = {10},
    pages = {351--362},
    volume = {19},
    url = {https://linkinghub.elsevier.com/retrieve/pii/S0146000505800138},
    doi = {10.1016/S0146-0005(05)80013-8},
    issn = {01460005},
    keywords = {local price indices, space-time, star, starima}
}

@article{gneiting2007geostatistical,
    title = {{Geostatistical Space-Time Models, Stationarity, Separability and Full Symmetry}},
    year = {2007},
    journal = {InStatistical Methods for Spatio-Temporal Systems},
    author = {Gneiting, Tilmann and Genton, Marc G and Guttorp, Peter},
    number = {Chapman {\&} Hall/CRC 2007},
    pages = {151--175},
    keywords = {bochner, correlation function, gaussian random field, gian, kriging, lagran-, positive definite, s hypothesis, s theorem, spatio-temporal prediction, taylor, variogram}
}

@article{gneiting2007geostatisticalb,
    title = {{Geostatistical Space-Time Models, Stationarity, Separability and Full Symmetry}},
    year = {2007},
    journal = {InStatistical Methods for Spatio-Temporal Systems},
    author = {Gneiting, Tilmann and Genton, Marc G and Guttorp, Peter},
    number = {Chapman {\&} Hall/CRC 2007},
    pages = {151--175},
    keywords = {bochner, correlation function, gaussian random field, gian, kriging, lagran-, positive definite, s hypothesis, s theorem, spatio-temporal prediction, taylor, variogram}
}

@article{gneiting2007geostatisticalc,
    title = {{Geostatistical Space-Time Models, Stationarity, Separability and Full Symmetry}},
    year = {2007},
    journal = {InStatistical Methods for Spatio-Temporal Systems},
    author = {Gneiting, Tilmann and Genton, Marc G and Guttorp, Peter},
    number = {Chapman {\&} Hall/CRC 2007},
    pages = {151--175},
    keywords = {bochner, correlation function, gaussian random field, gian, kriging, lagran-, positive definite, s hypothesis, s theorem, spatio-temporal prediction, taylor, variogram}
}

@article{wu2019graphwavenet,
    title = {{Graph WaveNet for Deep Spatial-Temporal Graph Modeling}},
    year = {2019},
    author = {Wu, Zonghan and Pan, Shirui and Long, Guodong and Jiang, Jing and Zhang, Chengqi},
    month = {5},
    url = {http://arxiv.org/abs/1906.00121},
    arxivId = {1906.00121}
}

@book{krispin2019handson,
    title = {{Hands-On Time Series Analysis with R : Perform Time Series Analysis and Forecasting Using R}},
    year = {2019},
    author = {Krispin, Rami.},
    pages = {438},
    isbn = {9781788629157}
}

@book{krispin2019handsonb,
    title = {{Hands-On Time Series Analysis with R : Perform Time Series Analysis and Forecasting Using R}},
    year = {2019},
    author = {Krispin, Rami.},
    pages = {438},
    isbn = {9781788629157}
}

@book{krispin2019handsonc,
    title = {{Hands-On Time Series Analysis with R : Perform Time Series Analysis and Forecasting Using R}},
    year = {2019},
    author = {Krispin, Rami.},
    pages = {438},
    isbn = {9781788629157}
}

@techreport{Che2018,
    title = {{Hierarchical Deep Generative Models for Multi-Rate Multivariate Time Series}},
    year = {2018},
    author = {Che, Zhengping and Purushotham, Sanjay and Li, Guangyu and Jiang, Bo and Liu, Yan}
}

@article{Becker2018,
    title = {{High-resolution modeling of the German wind power generation in the period 2000-2015 using regional reanalysis data}},
    year = {2018},
    author = {Becker, Raik and Thr, Daniela},
    keywords = {reanalysis models, wind energy, wind power integration, wind speed data}
}

@article{kahn2003measure,
    title = {{How to measure the impact of a forecast error on an enterprise?}},
    year = {2003},
    journal = {The Journal of Business Forecasting},
    author = {Kahn, Kenneth B},
    number = {1},
    pages = {21},
    volume = {22},
    publisher = {Journal of Business Forecasting}
}

@article{shleifer2019improving-graphwavenet,
    title = {{Incrementally Improving Graph WaveNet Performance on Traffic Prediction}},
    year = {2019},
    author = {Shleifer, Sam and McCreery, Clara and Chitters, Vamsi},
    month = {12},
    url = {http://arxiv.org/abs/1912.07390},
    arxivId = {1912.07390}
}

@article{liu2020intro,
    title = {{Introduction to GNNs}},
    author = {Brachman, Ronald J and Rossi, Francesca and Stone, Peter and Editors, Series}
}

@article{liu2020introb,
    title = {{Introduction to GNNs}},
    author = {Brachman, Ronald J and Rossi, Francesca and Stone, Peter and Editors, Series}
}

@article{liu2020introc,
    title = {{Introduction to GNNs}},
    author = {Brachman, Ronald J and Rossi, Francesca and Stone, Peter and Editors, Series}
}

@book{brockwell1996introduction,
    title = {{Introduction to Time Series and Forecasting}},
    year = {1996},
    booktitle = {Applied Physics Letters},
    author = {{Brockwell} and {Davis}},
    number = {22},
    pages = {3180--3182},
    volume = {68},
    isbn = {9783319298528},
    doi = {10.1063/1.115817},
    issn = {00036951}
}

@article{kempthorne2013var-mle,
    title = {{Lecture 11 : Time Series Analysis II Fall 2013 Least Squares Estimation of VAR Models Optimality of Component-Wise OLS for Multivariate Maximum Likelihood Estimation and Model Selection}},
    year = {2013},
    author = {Mit, S},
    pages = {1--31}
}

@article{kempthorne2013var-cointegration,
    title = {{Lecture 12 : Time Series Analysis III Fall 2013 Time Series Analysis III Cointegration : Definitions Cointegrated VAR Models : VECM Models Estimation of Cointegrated VAR Models Linear State-Space Models}},
    year = {2013},
    author = {Mit, S},
    pages = {1--39}
}

@article{kempthorne2013stochastic-processes2,
    title = {{Lecture 17 : Stochastic Processes II}},
    pages = {1--7}
}

@article{kempthorne2013stochastic-processes,
    title = {{Lecture 5 : Stochastic Processes I}},
    author = {{Kempthorne}},
    pages = {1--8}
}

@article{kempthorne2013nonstationarity,
    title = {{Lecture 8 : Time Series Analysis Fall 2013 Accommodating Non-Stationarity : ARIMA Models Estimation of Stationary ARMA Models}},
    year = {2013},
    author = {Analysis, Time Series},
    pages = {1--33}
}

@article{bontempi2013strategies,
    title = {{Machine learning strategies for time series forecasting}},
    year = {2013},
    journal = {Lecture Notes in Business Information Processing},
    author = {Bontempi, Gianluca and Ben Taieb, Souhaib and Le Borgne, Yann Aël},
    pages = {62--77},
    volume = {138 LNBIP},
    isbn = {9783642363177},
    doi = {10.1007/978-3-642-36318-4{\_}3},
    issn = {18651348},
    keywords = {MIMO, Time series forecasting, lazy learning, local learning, machine learning}
}

@book{murphy2012probabilistic,
    title = {{Machine learning: a probabilistic perspective}},
    year = {2012},
    author = {Murphy, Kevin P},
    publisher = {MIT press}
}

@article{hashimzade2013kalman-filter,
    title = {{Maximum likelihood estimation of time series models: the Kalman filter and beyond}},
    year = {2013},
    journal = {Handbook of Research Methods and Applications in Empirical Macroeconomics},
    author = {Hashimzade, Nigar and Thornton, Michael and Proietti, Tommaso and Luati, Alessandra},
    number = {41981},
    pages = {334--362},
    doi = {10.4337/9780857931023.00022}
}

@article{hashimzade2013kalman-filterb,
    title = {{Maximum likelihood estimation of time series models: the Kalman filter and beyond}},
    year = {2013},
    journal = {Handbook of Research Methods and Applications in Empirical Macroeconomics},
    author = {Hashimzade, Nigar and Thornton, Michael and Proietti, Tommaso and Luati, Alessandra},
    number = {41981},
    pages = {334--362},
    doi = {10.4337/9780857931023.00022}
}

@article{hashimzade2013kalman-filterc,
    title = {{Maximum likelihood estimation of time series models: the Kalman filter and beyond}},
    year = {2013},
    journal = {Handbook of Research Methods and Applications in Empirical Macroeconomics},
    author = {Hashimzade, Nigar and Thornton, Michael and Proietti, Tommaso and Luati, Alessandra},
    number = {41981},
    pages = {334--362},
    doi = {10.4337/9780857931023.00022}
}

@incollection{molina2011modelling,
    title = {{Modelling and control design of pitch-controlled variable speed wind turbines}},
    year = {2011},
    booktitle = {Wind turbines},
    author = {Molina, Marcelo Gustavo and Mercado, Pedro Enrique},
    publisher = {In Tech}
}

@article{Oreshkin2019a,
    title = {{N-BEATS: Neural basis expansion analysis for interpretable time series forecasting}},
    year = {2019},
    author = {Oreshkin, Boris N. and Carpov, Dmitri and Chapados, Nicolas and Bengio, Yoshua},
    pages = {1--31},
    url = {http://arxiv.org/abs/1905.10437},
    arxivId = {1905.10437}
}

@article{oreshkin2019nbeats,
    title = {{N-BEATS: Neural basis expansion analysis for interpretable time series forecasting}},
    year = {2019},
    author = {Oreshkin, Boris N. and Carpov, Dmitri and Chapados, Nicolas and Bengio, Yoshua},
    pages = {1--31},
    url = {http://arxiv.org/abs/1905.10437},
    arxivId = {1905.10437}
}

@techreport{icml:,
    title = {{No Title}}
}

@techreport{icml:b,
    title = {{No Title}}
}

@techreport{icml:c,
    title = {{No Title}}
}

@article{daub2017tsa,
    title = {{Overview of data analysis methods in manufacturing with focus on time series data of machine tools}},
    author = {Studienarbeit, Werkzeugmaschinen and Daub, Vincent Benedikt and Tag, Main and Metternich, Joachim}
}

@article{Bartholdsen2019,
    title = {{Pathways for Germany’s Low-Carbon Energy Transformation Towards 2050}},
    year = {2019},
    journal = {Energies},
    author = {Bartholdsen, Hans-Karl and Eidens, Anna and L{\"{o}}ffler, Konstantin and Seehaus, Frederik and Wejda, Felix and Burandt, Thorsten and Oei, Pao-Yu and Kemfert, Claudia and Hirschhausen, Christian},
    number = {15},
    month = {8},
    pages = {2988},
    volume = {12},
    url = {https://www.mdpi.com/1996-1073/12/15/2988},
    doi = {10.3390/en12152988},
    issn = {1996-1073},
    keywords = {Decarbonization, Energiewende, Energy policy, Energy system modeling, Energy transformation, GENeSYS-MOD, Renewables}
}

@article{Bartholdsen2019b,
    title = {{Pathways for Germany’s Low-Carbon Energy Transformation Towards 2050}},
    year = {2019},
    journal = {Energies},
    author = {Bartholdsen, Hans-Karl and Eidens, Anna and L{\"{o}}ffler, Konstantin and Seehaus, Frederik and Wejda, Felix and Burandt, Thorsten and Oei, Pao-Yu and Kemfert, Claudia and Hirschhausen, Christian},
    number = {15},
    month = {8},
    pages = {2988},
    volume = {12},
    url = {https://www.mdpi.com/1996-1073/12/15/2988},
    doi = {10.3390/en12152988},
    issn = {1996-1073},
    keywords = {Decarbonization, Energiewende, Energy policy, Energy system modeling, Energy transformation, GENeSYS-MOD, Renewables}
}

@article{Bartholdsen2019c,
    title = {{Pathways for Germany’s Low-Carbon Energy Transformation Towards 2050}},
    year = {2019},
    journal = {Energies},
    author = {Bartholdsen, Hans-Karl and Eidens, Anna and L{\"{o}}ffler, Konstantin and Seehaus, Frederik and Wejda, Felix and Burandt, Thorsten and Oei, Pao-Yu and Kemfert, Claudia and Hirschhausen, Christian},
    number = {15},
    month = {8},
    pages = {2988},
    volume = {12},
    url = {https://www.mdpi.com/1996-1073/12/15/2988},
    doi = {10.3390/en12152988},
    issn = {1996-1073},
    keywords = {Decarbonization, Energiewende, Energy policy, Energy system modeling, Energy transformation, GENeSYS-MOD, Renewables}
}

@article{erbach2016market,
    title = {{Patient-reported outcome after fast-track hip arthroplasty: a prospective cohort study}},
    year = {2010},
    journal = {Health and Quality of Life Outcomes},
    author = {Larsen, Kristian and Hansen, Torben B and S{\o}balle, Kjeld and Kehlet, Henrik},
    number = {1},
    pages = {144},
    volume = {8},
    url = {http://www.europarl.europa.eu/RegData/etudes/BRIE/2016/593519/EPRS_BRI(2016)593519_EN.pdf http://hqlo.biomedcentral.com/articles/10.1186/1477-7525-8-144},
    doi = {10.1186/1477-7525-8-144},
    issn = {1477-7525},
    pmid = {21118517}
}

@article{Larsen2010,
    title = {{Patient-reported outcome after fast-track hip arthroplasty: a prospective cohort study}},
    year = {2010},
    journal = {Health and Quality of Life Outcomes},
    author = {Larsen, Kristian and Hansen, Torben B and S{\o}balle, Kjeld and Kehlet, Henrik},
    number = {1},
    pages = {144},
    volume = {8},
    url = {http://www.europarl.europa.eu/RegData/etudes/BRIE/2016/593519/EPRS_BRI(2016)593519_EN.pdf http://hqlo.biomedcentral.com/articles/10.1186/1477-7525-8-144},
    doi = {10.1186/1477-7525-8-144},
    issn = {1477-7525},
    pmid = {21118517}
}

@article{erbach2016marketb,
    title = {{Patient-reported outcome after fast-track hip arthroplasty: a prospective cohort study}},
    year = {2010},
    journal = {Health and Quality of Life Outcomes},
    author = {Larsen, Kristian and Hansen, Torben B and S{\o}balle, Kjeld and Kehlet, Henrik},
    number = {1},
    pages = {144},
    volume = {8},
    url = {http://www.europarl.europa.eu/RegData/etudes/BRIE/2016/593519/EPRS_BRI(2016)593519_EN.pdf http://hqlo.biomedcentral.com/articles/10.1186/1477-7525-8-144},
    doi = {10.1186/1477-7525-8-144},
    issn = {1477-7525},
    pmid = {21118517}
}

@article{erbach2016marketc,
    title = {{Patient-reported outcome after fast-track hip arthroplasty: a prospective cohort study}},
    year = {2010},
    journal = {Health and Quality of Life Outcomes},
    author = {Larsen, Kristian and Hansen, Torben B and S{\o}balle, Kjeld and Kehlet, Henrik},
    number = {1},
    pages = {144},
    volume = {8},
    url = {http://www.europarl.europa.eu/RegData/etudes/BRIE/2016/593519/EPRS_BRI(2016)593519_EN.pdf http://hqlo.biomedcentral.com/articles/10.1186/1477-7525-8-144},
    doi = {10.1186/1477-7525-8-144},
    issn = {1477-7525},
    pmid = {21118517}
}

@article{erbach2016marketd,
    title = {{Patient-reported outcome after fast-track hip arthroplasty: a prospective cohort study}},
    year = {2010},
    journal = {Health and Quality of Life Outcomes},
    author = {Larsen, Kristian and Hansen, Torben B and S{\o}balle, Kjeld and Kehlet, Henrik},
    number = {1},
    pages = {144},
    volume = {8},
    url = {http://www.europarl.europa.eu/RegData/etudes/BRIE/2016/593519/EPRS_BRI(2016)593519_EN.pdf http://hqlo.biomedcentral.com/articles/10.1186/1477-7525-8-144},
    doi = {10.1186/1477-7525-8-144},
    issn = {1477-7525},
    pmid = {21118517}
}

@article{erbach2016markete,
    title = {{Patient-reported outcome after fast-track hip arthroplasty: a prospective cohort study}},
    year = {2010},
    journal = {Health and Quality of Life Outcomes},
    author = {Larsen, Kristian and Hansen, Torben B and S{\o}balle, Kjeld and Kehlet, Henrik},
    number = {1},
    pages = {144},
    volume = {8},
    url = {http://www.europarl.europa.eu/RegData/etudes/BRIE/2016/593519/EPRS_BRI(2016)593519_EN.pdf http://hqlo.biomedcentral.com/articles/10.1186/1477-7525-8-144},
    doi = {10.1186/1477-7525-8-144},
    issn = {1477-7525},
    pmid = {21118517}
}

@article{afful2017planning,
    title = {{Power generation capacity planning under budget constraint in developing countries}},
    year = {2017},
    journal = {Applied Energy},
    author = {Afful-Dadzie, Anthony and Afful-Dadzie, Eric and Awudu, Iddrisu and Banuro, Joseph Kwaku},
    pages = {71--82},
    volume = {188},
    publisher = {Elsevier Ltd},
    url = {http://dx.doi.org/10.1016/j.apenergy.2016.11.090},
    doi = {10.1016/j.apenergy.2016.11.090},
    issn = {03062619},
    keywords = {Budget constraint, Generation capacity planning, Scenario generation, Stochastic optimization, Unserved demand}
}

@article{afful2017planningb,
    title = {{Power generation capacity planning under budget constraint in developing countries}},
    year = {2017},
    journal = {Applied Energy},
    author = {Afful-Dadzie, Anthony and Afful-Dadzie, Eric and Awudu, Iddrisu and Banuro, Joseph Kwaku},
    pages = {71--82},
    volume = {188},
    publisher = {Elsevier Ltd},
    url = {http://dx.doi.org/10.1016/j.apenergy.2016.11.090},
    doi = {10.1016/j.apenergy.2016.11.090},
    issn = {03062619},
    keywords = {Budget constraint, Generation capacity planning, Scenario generation, Stochastic optimization, Unserved demand}
}

@article{afful2017planningc,
    title = {{Power generation capacity planning under budget constraint in developing countries}},
    year = {2017},
    journal = {Applied Energy},
    author = {Afful-Dadzie, Anthony and Afful-Dadzie, Eric and Awudu, Iddrisu and Banuro, Joseph Kwaku},
    pages = {71--82},
    volume = {188},
    publisher = {Elsevier Ltd},
    url = {http://dx.doi.org/10.1016/j.apenergy.2016.11.090},
    doi = {10.1016/j.apenergy.2016.11.090},
    issn = {03062619},
    keywords = {Budget constraint, Generation capacity planning, Scenario generation, Stochastic optimization, Unserved demand}
}

@article{focken2001previento,
    title = {{Previento - A Wind Power Prediction System with an Innovative Upscaling Algorithm}},
    year = {2001},
    journal = {Proceedings of the European Wind Energy Conference (EWEC)},
    author = {Focken, Ulrich and Lange, Matthias and Waldl, H.-P. Hans-Peter},
    pages = {1--4}
}

@techreport{armstrong2002principles,
    title = {{PRINCIPLES OF FORECASTING: A Handbook for Researchers and Practitioners}},
    year = {2002},
    author = {Scott Armstrong, J}
}

@article{battaglia2018graph,
    title = {{Relational inductive biases, deep learning, and graph networks}},
    year = {2018},
    author = {Battaglia, Peter W. and Hamrick, Jessica B. and Bapst, Victor and Sanchez-Gonzalez, Alvaro and Zambaldi, Vinicius and Malinowski, Mateusz and Tacchetti, Andrea and Raposo, David and Santoro, Adam and Faulkner, Ryan and Gulcehre, Caglar and Song, Francis and Ballard, Andrew and Gilmer, Justin and Dahl, George and Vaswani, Ashish and Allen, Kelsey and Nash, Charles and Langston, Victoria and Dyer, Chris and Heess, Nicolas and Wierstra, Daan and Kohli, Pushmeet and Botvinick, Matt and Vinyals, Oriol and Li, Yujia and Pascanu, Razvan},
    pages = {1--40},
    url = {http://arxiv.org/abs/1806.01261},
    arxivId = {1806.01261}
}

@article{battaglia2018graphb,
    title = {{Relational inductive biases, deep learning, and graph networks}},
    year = {2018},
    author = {Battaglia, Peter W. and Hamrick, Jessica B. and Bapst, Victor and Sanchez-Gonzalez, Alvaro and Zambaldi, Vinicius and Malinowski, Mateusz and Tacchetti, Andrea and Raposo, David and Santoro, Adam and Faulkner, Ryan and Gulcehre, Caglar and Song, Francis and Ballard, Andrew and Gilmer, Justin and Dahl, George and Vaswani, Ashish and Allen, Kelsey and Nash, Charles and Langston, Victoria and Dyer, Chris and Heess, Nicolas and Wierstra, Daan and Kohli, Pushmeet and Botvinick, Matt and Vinyals, Oriol and Li, Yujia and Pascanu, Razvan},
    pages = {1--40},
    url = {http://arxiv.org/abs/1806.01261},
    arxivId = {1806.01261}
}

@article{battaglia2018graphc,
    title = {{Relational inductive biases, deep learning, and graph networks}},
    year = {2018},
    author = {Battaglia, Peter W. and Hamrick, Jessica B. and Bapst, Victor and Sanchez-Gonzalez, Alvaro and Zambaldi, Vinicius and Malinowski, Mateusz and Tacchetti, Andrea and Raposo, David and Santoro, Adam and Faulkner, Ryan and Gulcehre, Caglar and Song, Francis and Ballard, Andrew and Gilmer, Justin and Dahl, George and Vaswani, Ashish and Allen, Kelsey and Nash, Charles and Langston, Victoria and Dyer, Chris and Heess, Nicolas and Wierstra, Daan and Kohli, Pushmeet and Botvinick, Matt and Vinyals, Oriol and Li, Yujia and Pascanu, Razvan},
    pages = {1--40},
    url = {http://arxiv.org/abs/1806.01261},
    arxivId = {1806.01261}
}

@article{delarue2015intermittency,
    title = {{Renewables Intermittency: Operational Limits and Implications for Long-Term Energy System Models}},
    year = {2015},
    journal = {MIT Joint Program on the Science and Policy of Global Change},
    author = {Delarue, Erik and Morris, Jennifer and Prinn, Ronald G and Reilly, John M},
    number = {277}
}

@article{delarue2015intermittencyb,
    title = {{Renewables Intermittency: Operational Limits and Implications for Long-Term Energy System Models}},
    year = {2015},
    journal = {MIT Joint Program on the Science and Policy of Global Change},
    author = {Delarue, Erik and Morris, Jennifer and Prinn, Ronald G and Reilly, John M},
    number = {277}
}

@article{delarue2015intermittencyc,
    title = {{Renewables Intermittency: Operational Limits and Implications for Long-Term Energy System Models}},
    year = {2015},
    journal = {MIT Joint Program on the Science and Policy of Global Change},
    author = {Delarue, Erik and Morris, Jennifer and Prinn, Ronald G and Reilly, John M},
    number = {277}
}

@article{Joos2018,
    title = {{Short-term integration costs of variable renewable energy: Wind curtailment and balancing in Britain and Germany}},
    year = {2018},
    journal = {Renewable and Sustainable Energy Reviews},
    author = {Joos, Michael and Staffell, Iain},
    number = {January},
    pages = {45--65},
    volume = {86},
    doi = {10.1016/j.rser.2018.01.009},
    issn = {18790690},
    keywords = {Balancing, Curtailment, Electricity, Renewable energy, Reserve, Wind power}
}

@article{Joos2018b,
    title = {{Short-term integration costs of variable renewable energy: Wind curtailment and balancing in Britain and Germany}},
    year = {2018},
    journal = {Renewable and Sustainable Energy Reviews},
    author = {Joos, Michael and Staffell, Iain},
    number = {January},
    pages = {45--65},
    volume = {86},
    doi = {10.1016/j.rser.2018.01.009},
    issn = {18790690},
    keywords = {Balancing, Curtailment, Electricity, Renewable energy, Reserve, Wind power}
}

@article{Joos2018c,
    title = {{Short-term integration costs of variable renewable energy: Wind curtailment and balancing in Britain and Germany}},
    year = {2018},
    journal = {Renewable and Sustainable Energy Reviews},
    author = {Joos, Michael and Staffell, Iain},
    number = {January},
    pages = {45--65},
    volume = {86},
    doi = {10.1016/j.rser.2018.01.009},
    issn = {18790690},
    keywords = {Balancing, Curtailment, Electricity, Renewable energy, Reserve, Wind power}
}

@article{Green2015,
    title = {{Simple versus complex forecasting: The evidence}},
    year = {2015},
    journal = {Journal of Business Research},
    author = {Green, Kesten C. and Armstrong, J. Scott},
    number = {8},
    month = {8},
    pages = {1678--1685},
    volume = {68},
    publisher = {Elsevier Inc.},
    doi = {10.1016/j.jbusres.2015.03.026},
    issn = {01482963},
    keywords = {Analytics, Big data, Decision-making, Decomposition, Econometrics, Occam's razor}
}

@article{stein2014covariance,
    title = {{Space : Time Covariance Functions}},
    year = {2014},
    author = {Stein, Michael L and Journal, Source and Statistical, American and Mar, No},
    number = {469},
    pages = {310--321},
    volume = {100}
}

@article{stein2014covarianceb,
    title = {{Space : Time Covariance Functions}},
    year = {2014},
    author = {Stein, Michael L and Journal, Source and Statistical, American and Mar, No},
    number = {469},
    pages = {310--321},
    volume = {100}
}

@article{stein2014covariancec,
    title = {{Space : Time Covariance Functions}},
    year = {2014},
    author = {Stein, Michael L and Journal, Source and Statistical, American and Mar, No},
    number = {469},
    pages = {310--321},
    volume = {100}
}

@article{engeland2017variability,
    title = {{Space-time variability of climate variables and intermittent renewable electricity production – A review}},
    year = {2017},
    journal = {Renewable and Sustainable Energy Reviews},
    author = {Engeland, Kolbjørn and Borga, Marco and Creutin, Jean Dominique and Fran{\c{c}}ois, Baptiste and Ramos, Maria Helena and Vidal, Jean Philippe},
    number = {May 2016},
    pages = {600--617},
    volume = {79},
    publisher = {Elsevier Ltd},
    url = {http://dx.doi.org/10.1016/j.rser.2017.05.046},
    doi = {10.1016/j.rser.2017.05.046},
    issn = {18790690},
    keywords = {Climate variability, Hydropower, Intermittency, Residual load, Scale, Solar power, Wind power}
}

@article{engeland2017variabilityb,
    title = {{Space-time variability of climate variables and intermittent renewable electricity production – A review}},
    year = {2017},
    journal = {Renewable and Sustainable Energy Reviews},
    author = {Engeland, Kolbjørn and Borga, Marco and Creutin, Jean Dominique and Fran{\c{c}}ois, Baptiste and Ramos, Maria Helena and Vidal, Jean Philippe},
    number = {May 2016},
    pages = {600--617},
    volume = {79},
    publisher = {Elsevier Ltd},
    url = {http://dx.doi.org/10.1016/j.rser.2017.05.046},
    doi = {10.1016/j.rser.2017.05.046},
    issn = {18790690},
    keywords = {Climate variability, Hydropower, Intermittency, Residual load, Scale, Solar power, Wind power}
}

@article{engeland2017variabilityc,
    title = {{Space-time variability of climate variables and intermittent renewable electricity production – A review}},
    year = {2017},
    journal = {Renewable and Sustainable Energy Reviews},
    author = {Engeland, Kolbjørn and Borga, Marco and Creutin, Jean Dominique and Fran{\c{c}}ois, Baptiste and Ramos, Maria Helena and Vidal, Jean Philippe},
    number = {May 2016},
    pages = {600--617},
    volume = {79},
    publisher = {Elsevier Ltd},
    url = {http://dx.doi.org/10.1016/j.rser.2017.05.046},
    doi = {10.1016/j.rser.2017.05.046},
    issn = {18790690},
    keywords = {Climate variability, Hydropower, Intermittency, Residual load, Scale, Solar power, Wind power}
}

@article{Li2019,
    title = {{Spatial temporal graph convolutional networks for skeleton-based dynamic hand gesture recognition}},
    year = {2019},
    journal = {Eurasip Journal on Image and Video Processing},
    author = {Li, Yong and He, Zihang and Ye, Xiang and He, Zuguo and Han, Kangrong},
    number = {1},
    volume = {2019},
    publisher = {EURASIP Journal on Image and Video Processing},
    doi = {10.1186/s13640-019-0476-x},
    issn = {16875281},
    keywords = {Deep learning, Graph convolutional network, Hand gesture recognition}
}

@article{Li2019b,
    title = {{Spatial temporal graph convolutional networks for skeleton-based dynamic hand gesture recognition}},
    year = {2019},
    journal = {Eurasip Journal on Image and Video Processing},
    author = {Li, Yong and He, Zihang and Ye, Xiang and He, Zuguo and Han, Kangrong},
    number = {1},
    volume = {2019},
    publisher = {EURASIP Journal on Image and Video Processing},
    doi = {10.1186/s13640-019-0476-x},
    issn = {16875281},
    keywords = {Deep learning, Graph convolutional network, Hand gesture recognition}
}

@article{Li2019c,
    title = {{Spatial temporal graph convolutional networks for skeleton-based dynamic hand gesture recognition}},
    year = {2019},
    journal = {Eurasip Journal on Image and Video Processing},
    author = {Li, Yong and He, Zihang and Ye, Xiang and He, Zuguo and Han, Kangrong},
    number = {1},
    volume = {2019},
    publisher = {EURASIP Journal on Image and Video Processing},
    doi = {10.1186/s13640-019-0476-x},
    issn = {16875281},
    keywords = {Deep learning, Graph convolutional network, Hand gesture recognition}
}

@article{atluri2018datamining,
    title = {{Spatio-Temporal Data Mining: A Survey of Problems and Methods}},
    year = {2017},
    journal = {ACM Computing Surveys},
    author = {Atluri, Gowtham and Karpatne, Anuj and Kumar, Vipin},
    number = {4},
    month = {11},
    volume = {51},
    publisher = {Association for Computing Machinery},
    url = {http://arxiv.org/abs/1711.04710},
    doi = {10.1145/3161602},
    issn = {15577341},
    arxivId = {1711.04710},
    keywords = {Data mining, Geographic data, Rasters, Spatial data, Spatiotemporal data, Timeseries}
}

@article{atluri2018dataminingb,
    title = {{Spatio-Temporal Data Mining: A Survey of Problems and Methods}},
    year = {2017},
    journal = {ACM Computing Surveys},
    author = {Atluri, Gowtham and Karpatne, Anuj and Kumar, Vipin},
    number = {4},
    month = {11},
    volume = {51},
    publisher = {Association for Computing Machinery},
    url = {http://arxiv.org/abs/1711.04710},
    doi = {10.1145/3161602},
    issn = {15577341},
    arxivId = {1711.04710},
    keywords = {Data mining, General Spatiotemporal Analysis, Geographic data, Rasters, Spatial data, Spatiotemporal data, Timeseries}
}

@article{atluri2018dataminingc,
    title = {{Spatio-Temporal Data Mining: A Survey of Problems and Methods}},
    year = {2017},
    journal = {ACM Computing Surveys},
    author = {Atluri, Gowtham and Karpatne, Anuj and Kumar, Vipin},
    number = {4},
    month = {11},
    volume = {51},
    publisher = {Association for Computing Machinery},
    url = {http://arxiv.org/abs/1711.04710},
    doi = {10.1145/3161602},
    issn = {15577341},
    arxivId = {1711.04710},
    keywords = {Data mining, General Spatiotemporal Analysis, Geographic data, Rasters, Spatial data, Spatiotemporal data, Timeseries}
}

@article{atluri2018dataminingd,
    title = {{Spatio-Temporal Data Mining: A Survey of Problems and Methods}},
    year = {2017},
    journal = {ACM Computing Surveys},
    author = {Atluri, Gowtham and Karpatne, Anuj and Kumar, Vipin},
    number = {4},
    month = {11},
    volume = {51},
    publisher = {Association for Computing Machinery},
    url = {http://arxiv.org/abs/1711.04710},
    doi = {10.1145/3161602},
    issn = {15577341},
    arxivId = {1711.04710},
    keywords = {Data mining, General Spatiotemporal Analysis, Geographic data, Rasters, Spatial data, Spatiotemporal data, Timeseries}
}

@book{cressie2015spatiotemporal,
    title = {{Spatio-temporal Statistics with R}},
    year = {2015},
    author = {Cressie, Noel A C},
    number = {2},
    pages = {54--67},
    volume = {3},
    url = {http://repositorio.unan.edu.ni/2986/1/5624.pdf},
    isbn = {9781138711136},
    keywords = {emerging power, indonesian, military economic perspective}
}

@techreport{liu2019st-mgcn,
    title = {{Spatiotemporal Multi-Graph Convolution Network for Ride-Hailing Demand Forecasting}},
    year = {2017},
    author = {Geng, Xu and Li, Yaguang and Wang, Leye and Zhang, Lingyu and Yang, Qiang and Ye, Jieping and Liu, Yan},
    pages = {19},
    url = {www.aaai.org},
    keywords = {abstract rep, deep RL, deep reinforcement learning}
}

@techreport{liu2019st-mgcnb,
    title = {{Spatiotemporal Multi-Graph Convolution Network for Ride-Hailing Demand Forecasting}},
    year = {2017},
    author = {Geng, Xu and Li, Yaguang and Wang, Leye and Zhang, Lingyu and Yang, Qiang and Ye, Jieping and Liu, Yan},
    pages = {19},
    url = {www.aaai.org},
    keywords = {abstract rep, deep RL, deep reinforcement learning}
}

@techreport{liu2019st-mgcnc,
    title = {{Spatiotemporal Multi-Graph Convolution Network for Ride-Hailing Demand Forecasting}},
    year = {2017},
    author = {Geng, Xu and Li, Yaguang and Wang, Leye and Zhang, Lingyu and Yang, Qiang and Ye, Jieping and Liu, Yan},
    pages = {19},
    url = {www.aaai.org},
    keywords = {abstract rep, deep RL, deep reinforcement learning}
}

@article{gneiting2009covariance,
    title = {{Stationary Covariance Functions for Space-Time Data}},
    year = {2009},
    journal = {Journal of the American Statistical Association},
    author = {Gneiting, Tilman},
    number = {458},
    pages = {590--600},
    volume = {97},
    keywords = {completely monotone, correlation function, geostatistics, kriging, positive definite, separable, spatiotemporal}
}

@article{gneiting2009covarianceb,
    title = {{Stationary Covariance Functions for Space-Time Data}},
    year = {2009},
    journal = {Journal of the American Statistical Association},
    author = {Gneiting, Tilman},
    number = {458},
    pages = {590--600},
    volume = {97},
    keywords = {completely monotone, correlation function, geostatistics, kriging, positive definite, separable, spatiotemporal}
}

@article{gneiting2009covariancec,
    title = {{Stationary Covariance Functions for Space-Time Data}},
    year = {2009},
    journal = {Journal of the American Statistical Association},
    author = {Gneiting, Tilman},
    number = {458},
    pages = {590--600},
    volume = {97},
    keywords = {completely monotone, correlation function, geostatistics, kriging, positive definite, separable, spatiotemporal}
}

@article{makridakis2018waysforward,
    title = {{Statistical and Machine Learning forecasting methods: Concerns and ways forward}},
    year = {2018},
    journal = {PLoS ONE},
    author = {Makridakis, Spyros and Spiliotis, Evangelos and Assimakopoulos, Vassilios},
    number = {3},
    month = {3},
    volume = {13},
    publisher = {Public Library of Science},
    doi = {10.1371/journal.pone.0194889},
    issn = {19326203}
}

@book{mcelreath2020rethinking,
    title = {{Statistical Rethinking}},
    year = {2019},
    booktitle = {Journal of Chemical Information and Modeling},
    author = {{Mcelreath}},
    number = {9},
    pages = {1689--1699},
    volume = {53},
    isbn = {9788578110796},
    doi = {10.1017/CBO9781107415324.004},
    issn = {1098-6596},
    pmid = {25246403},
    arxivId = {arXiv:1011.1669v3}
}

@article{blanco2009economics,
    title = {{The economics of wind energy}},
    year = {2009},
    journal = {Renewable and Sustainable Energy Reviews},
    author = {Blanco, María Isabel},
    number = {6-7},
    pages = {1372--1382},
    volume = {13},
    doi = {10.1016/j.rser.2008.09.004},
    issn = {13640321},
    keywords = {Cost-benefit analysis, Economics, Supply chain, Wind energy}
}

@article{makridakis2018m4,
    title = {{The M4 Competition: Results, findings, conclusion and way forward}},
    year = {2018},
    journal = {International Journal of Forecasting},
    author = {Makridakis, Spyros and Spiliotis, Evangelos and Assimakopoulos, Vassilios},
    number = {4},
    pages = {802--808},
    volume = {34},
    publisher = {Elsevier}
}

@book{hamilton2009tsa,
    title = {{Time Series Analysis}},
    year = {2009},
    booktitle = {International Encyclopedia of Human Geography},
    author = {{Hamilton}},
    pages = {285--293},
    isbn = {9780080449104},
    doi = {10.1016/B978-008044910-4.00546-0},
    keywords = {Autoregression, Correlogram, Expansion method, Forecasting, Fourier analysis, Power spectra, Spectral analysis, Time series}
}

@book{hamilton2009tsab,
    title = {{Time Series Analysis}},
    year = {2009},
    booktitle = {International Encyclopedia of Human Geography},
    author = {{Hamilton}},
    pages = {285--293},
    isbn = {9780080449104},
    doi = {10.1016/B978-008044910-4.00546-0},
    keywords = {Autoregression, Correlogram, Expansion method, Forecasting, Fourier analysis, Power spectra, Spectral analysis, Time series}
}

@book{hamilton2009tsac,
    title = {{Time Series Analysis}},
    year = {2009},
    booktitle = {International Encyclopedia of Human Geography},
    author = {{Hamilton}},
    pages = {285--293},
    isbn = {9780080449104},
    doi = {10.1016/B978-008044910-4.00546-0},
    keywords = {Autoregression, Correlogram, Expansion method, Forecasting, Fourier analysis, Power spectra, Spectral analysis, Time series}
}

@book{box2015tsacontrol,
    title = {{Time Series Analysis – Forecasting and Control}},
    year = {2015},
    author = {Jenkins, Box;},
    number = {2},
    pages = {54--67},
    volume = {3},
    url = {http://repositorio.unan.edu.ni/2986/1/5624.pdf},
    isbn = {9781118675021},
    keywords = {emerging power, indonesian, military economic perspective}
}

@book{box2015tsacontrolb,
    title = {{Time Series Analysis – Forecasting and Control}},
    year = {2015},
    author = {Jenkins, Box;},
    number = {2},
    pages = {54--67},
    volume = {3},
    url = {http://repositorio.unan.edu.ni/2986/1/5624.pdf},
    isbn = {9781118675021},
    keywords = {emerging power, indonesian, military economic perspective}
}

@book{box2015tsacontrolc,
    title = {{Time Series Analysis – Forecasting and Control}},
    year = {2015},
    author = {Jenkins, Box;},
    number = {2},
    pages = {54--67},
    volume = {3},
    url = {http://repositorio.unan.edu.ni/2986/1/5624.pdf},
    isbn = {9781118675021},
    keywords = {emerging power, indonesian, military economic perspective}
}

@book{brockwell2009methods,
    title = {{Time Series: Theory and Methods}},
    year = {2009},
    author = {Brockwell, Peter. and Davis, Richard},
    publisher = {Springer-Verlag New York},
    address = {Praha},
    isbn = {978-0-387-97429-3}
}

@book{Ray1990,
    title = {{Time Series: Theory and Methods.}},
    year = {1990},
    booktitle = {Journal of the Royal Statistical Society. Series A (Statistics in Society)},
    author = {Ray, W. D. and Brockwell, P. J. and Davis, R. A.},
    number = {3},
    pages = {400},
    volume = {153},
    isbn = {9781441903198},
    doi = {10.2307/2982983},
    issn = {09641998}
}

@book{brockwell1990methods,
    title = {{Time Series: Theory and Methods.}},
    year = {1990},
    booktitle = {Journal of the Royal Statistical Society. Series A (Statistics in Society)},
    author = {Ray, W. D. and Brockwell, P. J. and Davis, R. A.},
    number = {3},
    pages = {400},
    volume = {153},
    isbn = {9781441903198},
    issn = {0172-7397}
}

@book{Ray1990a,
    title = {{Time Series: Theory and Methods.}},
    year = {1990},
    booktitle = {Journal of the Royal Statistical Society. Series A (Statistics in Society)},
    author = {Ray, W. D. and Brockwell, P. J. and Davis, R. A.},
    number = {3},
    pages = {400},
    volume = {153},
    isbn = {9781441903198},
    doi = {10.2307/2982983},
    issn = {09641998}
}

@book{Ray1990ab,
    title = {{Time Series: Theory and Methods.}},
    year = {1990},
    booktitle = {Journal of the Royal Statistical Society. Series A (Statistics in Society)},
    author = {Ray, W. D. and Brockwell, P. J. and Davis, R. A.},
    number = {3},
    pages = {400},
    volume = {153},
    isbn = {9781441903198},
    doi = {10.2307/2982983},
    issn = {09641998}
}

@misc{paneru2015lstm,
    title = {{Understanding LSTM Networks}},
    author = {Paneru, Enish}
}

@book{mathew2006windenergy,
    title = {{Wind Energy}},
    year = {2006},
    author = {Mathew, Sathyajith},
    isbn = {9788578110796},
    doi = {10.1017/CBO9781107415324.004},
    pmid = {25246403},
    arxivId = {arXiv:1011.1669v3}
}

@book{mathew2006windenergyb,
    title = {{Wind Energy}},
    year = {2006},
    author = {Mathew, Sathyajith},
    isbn = {9788578110796},
    doi = {10.1017/CBO9781107415324.004},
    issn = {1098-6596},
    pmid = {25246403},
    arxivId = {arXiv:1011.1669v3}
}

@article{blaabjerg2017electronics,
    title = {{Wind Energy Systems, reviews application of power electronics in wind energy systems}},
    year = {2017},
    journal = {IEEE Power and Energy Society},
    author = {Blaabjerg, Frede. and Ma, Ke.},
    number = {11},
    pages = {2116--2131},
    volume = {105},
    url = {http://linkinghub.elsevier.com/retrieve/pii/B9780123972705000133},
    isbn = {10: 0139577548},
    doi = {10.1016/B978-0-12-397270-5.00013-3},
    issn = {0018-9219},
    pmid = {1879339},
    keywords = {control, generation, grid codes, i, i n t roduc, power, power electronics, semiconductor devices, t ion, topology, wind farm, wind power, wind turbine system}
}

@article{kumar2016technologies,
    title = {{Wind energy: Trends and enabling technologies}},
    year = {2016},
    journal = {Renewable and Sustainable Energy Reviews},
    author = {Kumar, Yogesh and Ringenberg, Jordan and Depuru, Soma Shekara and Devabhaktuni, Vijay K. and Lee, Jin Woo and Nikolaidis, Efstratios and Andersen, Brett and Afjeh, Abdollah},
    pages = {209--224},
    volume = {53},
    doi = {10.1016/j.rser.2015.07.200},
    issn = {18790690},
    keywords = {Renewable energy, Skypump, Sustainable development, Wind energy, Wind park}
}

@article{Lantz2014,
    title = {{Wind power project repowering: Financial feasibility, decision drivers, and supply chain effects}},
    year = {2014},
    journal = {Wind Power Technologies and Repowering Considerations as Projects Age},
    author = {Lantz, Eric and Leventhal, Michael and Baring-Gould, Ian},
    number = {December},
    pages = {75--111},
    isbn = {9781631178054},
    keywords = {December 2013, NREL/TP-6A20-60535, U.S., end of life, investment, repowering, supply chain, wind}
}

@article{albadi2009capacity,
    title = {{Wind Turbines Capacity Factor Modeling—A Novel Approach}},
    year = {2009},
    author = {Albadi, M H},
    number = {3},
    pages = {1637--1638},
    volume = {24}
}

@article{albadi2009capacityb,
    title = {{Wind Turbines Capacity Factor Modeling—A Novel Approach}},
    year = {2009},
    author = {Albadi, M H},
    number = {3},
    pages = {1637--1638},
    volume = {24}
}

@article{albadi2009capacityc,
    title = {{Wind Turbines Capacity Factor Modeling—A Novel Approach}},
    year = {2009},
    author = {Albadi, M H},
    number = {3},
    pages = {1637--1638},
    volume = {24}
}

@article{Erbach2016,
    title = {{WindEurope views on curtailment of wind power and its links to priority dispatch}},
    year = {2016},
    author = {{Erbach}},
    pages = {55}
}

@article{Erbach2016b,
    title = {{WindEurope views on curtailment of wind power and its links to priority dispatch}},
    year = {2016},
    author = {{Erbach}},
    pages = {55}
}

@article{Erbach2016c,
    title = {{WindEurope views on curtailment of wind power and its links to priority dispatch}},
    year = {2016},
    author = {{Erbach}},
    pages = {55}
}

@article{Jung2014CurrentForecasting,
    title = {{Current status and future advances for wind speed and power forecasting}},
    year = {2014},
    journal = {Renewable and Sustainable Energy Reviews},
    author = {Jung, Jaesung and Broadwater, Robert P.},
    pages = {762--777},
    volume = {31},
    doi = {10.1016/j.rser.2013.12.054},
    issn = {13640321},
    keywords = {Offshore forecasting, Probabilistic forecasting, Regional forecasting, Spatial correlation forecasting, Wind power, Wind speed}
}

@article{Yao2017DeepPrediction,
    title = {{Deep Multi-View Spatial-Temporal Network for Taxi Demand Prediction}},
    year = {2017},
    author = {Yao, Huaxiu and Wu, Fei and Ke, Jintao and Jia, Yitian and Lu, Siyu and Gong, Pinghua and Ye, Jieping and Chuxing, Didi},
    pages = {2588--2595},
    keywords = {Machine Learning Applications Track}
}

@article{Becker2018High-resolutionData,
    title = {{High-resolution modeling of the German wind power generation in the period 2000-2015 using regional reanalysis data}},
    year = {2018},
    author = {Becker, Raik and Thr, Daniela},
    keywords = {reanalysis models, wind energy, wind power integration, wind speed data}
}

@article{Becker2018High-resolutionDatab,
    title = {{High-resolution modeling of the German wind power generation in the period 2000-2015 using regional reanalysis data}},
    year = {2018},
    author = {Becker, Raik and Thr, Daniela},
    keywords = {reanalysis models, wind energy, wind power integration, wind speed data}
}

@article{LectureII,
    title = {{Lecture 17 : Stochastic Processes II}},
    pages = {1--7}
}

@misc{PapersForecasting,
    title = {{Papers with Code: Spatio-Temporal Forecasting}},
    url = {https://paperswithcode.com/task/spatio-temporal-forecasting}
}

@misc{PapersForecastingb,
    title = {{Papers with Code: Spatio-Temporal Forecasting}},
    url = {https://paperswithcode.com/task/spatio-temporal-forecasting}
}

@misc{PapersForecastingc,
    title = {{Papers with Code: Spatio-Temporal Forecasting}},
    url = {https://paperswithcode.com/task/spatio-temporal-forecasting}
}

@misc{windatlas,
    title = {{Global Wind Atlas 3.0}},
    institution = {Technical University of Denmark (DTU)},
    url = {https://globalwindatlas.info/area/Germany},
    access = {October 11, 2020},
}

@misc{kedro,
    title = {{Kedro}},
    institution = {QuantumBlack Labs},
    url = {https://github.com/quantumblacklabs/kedro},
    access = {October 11, 2020},
}